@article{Buhmann:1998:DCQ,
	AUTHOR = {J. M. Buhmann and D. W. Fellner and M. Held and J.
		Ketterer and J. Puzicha},
	TITLE = {Dithered Color Quantization},
	JOURNAL = cgforum,
	EDITOR = {N. Ferreira and M. G{\"{o}}bel},
	VOLUME = {17},	NUMBER = {3},
	MONTH = Sep,	YEAR = {1998},	PAGES = {C219-C231},
	DOI = {10.1111/1467-8659.00269},
  NOTE = {(Proc. Eurographics'98)
	       \httpAddr{//diglib.eg.org/EG/CGF/volume17/issue3/ColQuant98}} }

@ARTICLE{Fellner-Helmberg93,
	AUTHOR = {Fellner, Dieter W. and Helmberg, Christoph},
	TITLE = {Robust Rendering of General Ellipses and Elliptical Arcs},
	JOURNAL = tog,
	VOLUME = {12},	NUMBER = {3},
	MONTH = Jul,	YEAR = {1993},	PAGES = {251-276},
  DOI= {10.1145/169711.169704}
  }

@BOOK (FolDamFeiHug.etal93,
	AUTHOR = {Foley, James D. and van Dam, Andries and
		Feiner, Stephen K. and Hughes, John F. and Phillips, R.},
	TITLE = {Introduction to Computer Graphics},
	PUBLISHER = {Addison-Wesley},
	YEAR = {1993} )

@ARTICLE{Kobbelt97-USHDR,
	author = {L. Kobbelt and M. Stamminger and H.-P. Seidel},
	title = {Using Subdivision on Hierarchical Data to Reconstruct Radiosity
		Distribution},
	JOURNAL = cgforum,
	volume = 16,	number = 3,	pages = {C347-C355},
	year = 1997,
	DOI = {10.1111/1467-8659.16.3conferenceissue.36},
	note = {(Proc. Eurographics'97)
	       \httpAddr{//diglib.eg.org/EG/CGF/volume16/issue3/CGF172.html}} }

@INPROCEEDINGS{Lafortune97-NARF,
	author = {Eric P. Lafortune and Sing-Choong Foo and Kenneth E. Torrance and
		Donald P. Greenberg},
	title = {Non-Linear Approximation of Reflectance Functions},
	booktitle = {Proc. SIGGRAPH '97},
	volume = 31,	pages = {117-126},
	year = 1997,
	DOI = {10.1145/258734.258801}
  }

@ARTICLE (Lous90,
	AUTHOR = {Y. Le Lous},
	TITLE = {Report on the {F}irst {E}urographics {W}orkshop on {V}isualization in
		{S}cientific {C}omputing},
	JOURNAL = cgforum,
	VOLUME = {9},	NUMBER = {4},
	MONTH = dec,	YEAR = {1990},	PAGES = {371-372},
  DOI= {10.1111/j.1467-8659.1990.tb00430.x}
  )

@ARTICLE (Seidel93,
	AUTHOR = {Seidel, Hans-Peter},
	TITLE = {Polar Forms for Geometrically Continuous Spline Curves of
		Arbitrary Degree},
	JOURNAL = tog,
	VOLUME = {12},	NUMBER = {1},
	MONTH = Jan,	YEAR = {1993},	PAGES = {1-34},
  DOI= {10.1145/169728.169726}
  )

@ARTICLE{eitz2012hdhso,
  author = {Eitz, Mathias and Hays, James and Alexa, Marc},
  title = {How Do Humans Sketch Objects?},
  journal = {TOG},
  year = {2012},
}

@INPROCEEDINGS{Sun:2012:SAH:2393347.2396429,
  author = {Sun, Zhenbang and Wang, Changhu and Zhang, Liqing and Zhang, Lei},
  title = {Sketch2Tag: automatic hand-drawn sketch recognition},
  booktitle = {ACM MM},
  year = {2012},
}

@inproceedings{Sun:2012:QST:2393347.2393421,
 author = {Sun, Zhenbang and Wang, Changhu and Zhang, Liqing and Zhang, Lei},
 title = {Query-adaptive Shape Topic Mining for Hand-drawn Sketch Recognition},
 booktitle = {ACM MM},
 year = {2012},
}

@article{Berger:2013:SAP:2461912.2461964,
 author = {Berger, Itamar and Shamir, Ariel and Mahler, Moshe and Carter, Elizabeth and Hodgins, Jessica},
 title = {Style and Abstraction in Portrait Sketching},
 journal = {TOG},
 year = {2013},
 }

@article{Limpaecher:2013:RDA:2461912.2462016,
 author = {Limpaecher, Alex and Feltman, Nicolas and Treuille, Adrien and Cohen, Michael},
 title = {Real-time Drawing Assistance Through Crowdsourcing},
 journal = {TOG},
 year = {2013},
}

@article{Cole:2008:PDL:1360612.1360687,
 author = {Cole, Forrester and Golovinskiy, Aleksey and Limpaecher, Alex and Barros, Heather Stoddart and Finkelstein, Adam and Funkhouser, Thomas and Rusinkiewicz, Szymon},
 title = {Where Do People Draw Lines?},
 journal = {TOG},
 year = {2008},
}

@INPROCEEDINGS{Lu:2012:HES,
  author = {Jingwan Lu and Fisher Yu and Adam Finkelstein and Stephen DiVerdi},
  title = {HelpingHand: Example-based Stroke Stylization},
  booktitle = {TOG},
  year = {2012},
}

@ARTICLE{Kalogerakis:2012:mlhatching,
  author = {Evangelos Kalogerakis and Derek Nowrouzezahrai and Simon Breslav
	and Aaron Hertzmann},
  title = {Learning Hatching for Pen-and-Ink Illustration of Surfaces},
  journal = {TOG},
  year = {2012},
}


@ARTICLE{Kyprianidis:2013:TAS,
 author = {Kyprianidis, Jan Eric and Collomosse, John and Wang, Tinghuai and Isenberg, Tobias},
 title  = {State of the ‘Art’: A Taxonomy of Artistic Stylization Techniques for Images and Video},
 journal= {TVCG},
 year   = {2013},
}

@ARTICLE{Wolfson90:0,
  author = {Haim J. Wolfson},
  title = {On curve matching},
  journal = {PAMI},
  year = {1990},
}


@article{mokhtarian1992theory,
  title={A theory of multiscale, curvature-based shape representation for planar curves},
  author={Mokhtarian, F. and Mackworth, A.K.},
  journal={PAMI},
  year={1992}
}

@INPROCEEDINGS{latecki2000shape,
  author = {Latecki, L.J. and Lakamper, R. and Eckhardt, T.},
  title = {Shape descriptors for non-rigid shapes with a single closed contour},
  booktitle = {CVPR},
  year = {2000},
}

@inproceedings{belongie2001matching,
  title={Matching shapes},
  author={Belongie, S. and Malik, J. and Puzicha, J.},
  booktitle={ICCV},
  year={2001}
}


@INPROCEEDINGS{jin2003image,
  author = {Jin, R. and Hauptmann, A.G. and Yan, R.},
  title = {Image classification using a bigram model},
  booktitle = {AAAI Spring Symposium on Intelligent Multimedia Knowledge Management},
  year = {2003}
}

@INPROCEEDINGS{berg2005shape,
  author = {Berg, A.C. and Berg, T.L. and Malik, J.},
  title = {Shape matching and object recognition using low distortion correspondences},
  booktitle = {CVPR},
  year = {2005},
}

@ARTICLE{Mori2005,
  author = {Greg Mori and Serge Belongie and Jitendra Malik},
  title = {Efficient Shape Matching Using Shape Contexts},
  journal = {PAMI},
  year = {2005},
}

@inproceedings{conf/cvpr/CohenH98,
  added-at = {2012-06-01T00:00:00.000+0200},
  author = {Cohen, Isaac and Herlin, Isabelle},
  booktitle = {CVPR},
  title = {Curves Matching Using Geodesic Paths.},
  year = 1998
}

@ARTICLE{Latecki:2000:SSM:354167.354193,
  author = {Latecki, Longin Jan and Lak\"{a}mper, Rolf},
  title = {Shape Similarity Measure Based on Correspondence of Visual Parts},
  journal = {PAMI},
  year = {2000},
}


@ARTICLE{Bai:2008:DRC:1361741.1361848,
  author = {Bai, Xiang and Yang, Xingwei and Latecki, Longin Jan},
  title = {Detection and recognition of contour parts based on shape similarity},
  journal = {Pattern Recognition},
  year = {2008},
}

@ARTICLE{Michel:2011:SID:1994006.1994152,
  author = {Michel, Damien and Oikonomidis, Iasonas and Argyros, Antonis},
  title = {Scale invariant and deformation tolerant partial shape matching},
  journal = {IVC},
  year = {2011},
}

@ARTICLE{ion-cviu-11,
  author = {A. Ion and N. M. Artner and G. Peyr{\'e} and W. G. Kropatsch and
	L. D. Cohen},
  title = {Matching 2D and 3D Articulated Shapes Using the Eccentricity Transform},
  journal = {Computer Vision and Image Understanding},
  year = {2011},
}

@BOOK{Soille:2003:MIA:773286,
  title = {Morphological Image Analysis: Principles and Applications},
  publisher = {Springer-Verlag New York, Inc.},
  year = {2003},
  author = {Soille, Pierre},
  isbn = {3540429883}
}

@article{taubin1991estimation,
  title={Estimation of planar curves, surfaces, and nonplanar space curves defined by implicit equations with applications to edge and range image segmentation},
  author={Taubin, G.},
  journal={PAMI},
  year={1991}
}

@article{bookstein1979fitting,
  title={Fitting conic sections to scattered data},
  author={Bookstein, F.L.},
  journal={Computer Graphics and Image Processing},
  year={1979},
}

@article{zhong2007direct,
  title={Direct curvature scale space: Theory and corner detection},
  author={Zhong, B. and Liao, W.},
  journal={IEEE Transactions on Pattern Analysis and Machine Intelligence},
  year={2007},
}

@misc{vedaldi08vlfeat,
 Author = {A. Vedaldi and B. Fulkerson},
 Title = {{VLFeat}: An Open and Portable Library of Computer Vision Algorithms},
 Year  = {2008},
}

@InProceedings{Sivic03,
   author = "Sivic, J. and Zisserman, A.",
   title = "{Video Google}: {A} Text Retrieval Approach to Object Matching in Videos",
   booktitle = "ICCV",
   year = "2003",
}

@ARTICLE{Freeman03learningstyle,
    author = {William T. Freeman and Joshua B. Tenenbaum and Egon C. Pasztor},
    title = {Learning style translation for the lines of a drawing},
    journal = {TOG},
    year = {2003},
}

@article{Datta:2008:IRI:1348246.1348248,
 author = {Datta, Ritendra and Joshi, Dhiraj and Li, Jia and Wang, James Z.},
 title = {Image Retrieval: Ideas, Influences, and Trends of the New Age},
 journal = {ACM Computing Surveys},
 year = {2008},
}

@ARTICLE{Chalechale05sketch-basedimage,
    author = {Abdolah Chalechale and Student Member and Golshah Naghdy and Alfred Mertins and Senior Member},
    title = {Sketch-Based Image Matching Using Angular Partitioning},
    journal = {SMC},
    year = {2005},
}

@ARTICLE{5674030,
author={Eitz, M. and Hildebrand, K. and Boubekeur, T. and Alexa, M.},
journal={TVCG},
title={Sketch-Based Image Retrieval: Benchmark and Bag-of-Features Descriptors},
year={2011},
}

@inproceedings{Shrivastava:2011:DVS:2024156.2024188,
 author = {Shrivastava, Abhinav and Malisiewicz, Tomasz and Gupta, Abhinav and Efros, Alexei A.},
 title = {Data-driven Visual Similarity for Cross-domain Image Matching},
 booktitle = {SIGGRAPH},
 year = {2011},
}

@article{Juola:2006:AA:1373450.1373451,
 author = {Juola, Patrick},
 title = {Authorship Attribution},
 journal = {Journal of Foundations and Trends in Information Retrieval},
 year = {2006},

}


@inproceedings{Abbasi:2006:VAI:2106961.2106968,
 author = {Abbasi, Ahmed and Chen, Hsinchun},
 title = {Visualizing Authorship for Identification},
 journal = {IEEE International Conference on Intelligence and Security Informatics},
 year = {2006},
}

@article{Samal199265,
title = "Automatic recognition and analysis of human faces and facial expressions: a survey ",
journal = "Pattern Recognition ",
year = "1992",
author = "Ashok Samal and Prasana A. Iyengar",
}

@proceedings{citeulike:1638369,
    author = {Delac, K. and Grgic, M.},
    journal = {International Symposium on Electronics in Marine},
    title = {{A survey of biometric recognition methods}},
    year = {2004}
}

@article{Zhao:2003:FRL:954339.954342,
 author = {Zhao, W. and Chellappa, R. and Phillips, P. J. and Rosenfeld, A.},
 title = {Face Recognition: A Literature Survey},
 journal = {ACM Computing Surveys},
 year = {2003},

}

@book{soille2003morphological,
  title={Morphological image analysis: principles and applications},
  author={Soille, P.},
  year={2003}
  publisher={Springer-Verlag New York, Inc.}
  }

@article{Noris:2013:TVC:2421636.2421640,
 author = {Noris, Gioacchino and Hornung, Alexander and Sumner, Robert W. and Simmons, Maryann and Gross, Markus},
 title = {Topology-driven Vectorization of Clean Line Drawings},
 journal = {TOG},
 year = {2013},

}

@ARTICLE{adobe123,
  author = {ADOBE},
  title = {Illustrator},
  year = {2010},
}

@inproceedings{srisurvey03,
    author = {Srihari, Sargur N. and Leedham, Graham},
    journal = {International Conference on Graphonomics Society},
    title = {{A survey of computer methods in forensic document examination}},
    year = {2003}
}

@article{handwriting2001,
year={2001},
journal={International Journal on Document Analysis and Recognition},
title={A computer-based system to support forensic studies on handwritten documents},
author={Franke, Katrin and Köppen, Mario},

}


@article{srihari_2002_jfs,
    author = {Srihari, Sargur N. and Cha, Sung-Hyuk and Arora, Hina and Lee, Sangjik},
    journal = {Journal of Forensic Sciences},
    title = {{Individuality of Handwriting}},
    year = {2002}
}

@INPROCEEDINGS{1263248,
author={Srihari, S.N. and Shi, Z.},
booktitle={International Workshop on Document Image Analysis for Libraries},
title={Forensic handwritten document retrieval system},
year={2004},
}


@ARTICLE{4603099,
author={Impedovo, D. and Pirlo, G.},
journal={IEEE Transactions on Systems, Man, and Cybernetics},
title={Automatic Signature Verification: The State of the Art},
year={2008},
}

@article{signature2013,
year={2013},
journal={International Journal on Document Analysis and Recognition},
title={Multi-feature extraction and selection in writer-independent off-line signature verification},
author={Rivard, Dominique and Granger, Eric and Sabourin, Robert},
}

@article{Kovari2013247,
title = "A study on the consistency and significance of local features in off-line signature verification ",
journal = "Pattern Recognition",
year = "2013",
author = "Bence Kovari and Hassan Charaf",
}

@article{varenhorst2004passdoodles,
  title={Passdoodles: A lightweight authentication method},
  author={Varenhorst, Christopher and Kleek, MV and Rudolph, Larry},
  journal={Research Science Institute},
  year={2004}
}

@inproceedings{Govindarajulu:2007:PMU:1322192.1322233,
 author = {Govindarajulu, Naveen Sundar and Madhvanath, Sriganesh},
 title = {Password Management Using Doodles},
 booktitle = {ICMI},
 year = {2007},
}

@INPROCEEDINGS{4761233,
author={Oka, M. and Kato, K. and Yingqing Xu and Lin Liang and Fang Wen},
booktitle={ICPR},
title={Scribble-a-Secret: Similarity-based password authentication using sketches},
year={2008},
}


@article{Renaud20091,
title = "On user involvement in production of images used in visual authentication ",
journal = "Journal of Visual Languages and Computing ",
year = "2009",
author = "Karen Renaud",
}

@article{gani2010new,
  title={A new algorithm on Graphical User Authentication (GUA) based on multi-line grids},
  author={Gani, Abdullah},
  journal={Scientific Research and Essays},

  year={2010}
}

@article{abend1982human,
  title={Human arm trajectory formation.},
  author={Abend, W and Bizzi, E and Morasso, P},
  journal={Brain},
  year={1982}
}

@article{morasso1981spatial,
  title={Spatial control of arm movements},
  author={Morasso, Pietro},
  journal={Experimental brain research},
  year={1981}
}

@article{flash1985coordination,
  title={The coordination of arm movements: an experimentally confirmed mathematical model},
  author={Flash, Tamar and Hogan, Neville},
  journal={The journal of Neuroscience},
  year={1985}
}

@article{tolba2006face,
  title={Face Recognition: A Literature Review.},
  author={Tolba, AS and El-Baz, AH and El-Harby, AA},
  journal={International Journal of Signal Processing},
  volume={2},
  number={2},
  year={2006}
}

@article{li2008expandable,
  title={Expandable data-driven graphical modeling of human actions based on salient postures},
  author={Li, Wanqing and Zhang, Zhengyou and Liu, Zicheng},
  journal={Transactions on Circuits and Systems for Video Technology},
  year={2008},
  publisher={IEEE}
}

@ARTICLE{4483511,
author={Wright, J. and Yang, A.Y. and Ganesh, A. and Sastry, S.S. and Yi Ma},
journal={PAMI},
title={Robust Face Recognition via Sparse Representation},
year={2009},
}


@article{lu2007survey,
  title={A survey of image classification methods and techniques for improving classification performance},
  author={Lu, Dengsheng and Weng, Qihao},
  journal={International journal of Remote sensing},
  year={2007}
}


@ARTICLE{574797,
author={Jain, A. and Zongker, D.},
journal={PAMI},
title={Feature selection: evaluation, application, and small sample performance},
year={1997},

}

